@inproceedings{KF1,
  title={KinectFusion: Real-time dense surface mapping and tracking},
  author={Newcombe, Richard A and Davison, Andrew J and Izadi, Shahram and Kohli, Pushmeet and Hilliges, Otmar and Shotton, Jamie and Molyneaux, David and Hodges, Steve and Kim, David and Fitzgibbon, Andrew},
  booktitle={Mixed and augmented reality (ISMAR), 2011 10th IEEE international symposium on},
  pages={127--136},
  year={2011},
  organization={IEEE}
}

@inproceedings{KF2,
  title={KinectFusion: real-time 3D reconstruction and interaction using a moving depth camera},
  author={Izadi, Shahram and Kim, David and Hilliges, Otmar and Molyneaux, David and Newcombe, Richard and Kohli, Pushmeet and Shotton, Jamie and Hodges, Steve and Freeman, Dustin and Davison, Andrew and others},
  booktitle={Proceedings of the 24th annual ACM symposium on User interface software and technology},
  pages={559--568},
  year={2011},
  organization={ACM}
}

@unpublished{ISO,
	title={Surface reconstruction},
	author={Cyril NOVEL},
	year={2014},
	note={CO512 ISO Report}
}

@inproceedings{VolRep,
  title={A volumetric method for building complex models from range images},
  author={Curless, Brian and Levoy, Marc},
  booktitle={Proceedings of the 23rd annual conference on Computer graphics and interactive techniques},
  pages={303--312},
  year={1996},
  organization={ACM}
}

@article{SDF,
  title={Level set methods and dynamic implicit surfaces},
  author={Fedkiw, R and Osher, S},
  journal={Surfaces},
  volume={44},
  pages={77},
  year={2002}
}

@article{LevSet,
  title={Level set methods and dynamic implicit surfaces},
  author={Fedkiw, R and Osher, S},
  journal={Surfaces},
  volume={44},
  pages={77},
  year={2002}
}
